@article{lally2010habits,
  title={How are habits formed: Modelling habit formation in the real world},
  author={Lally, Phillippa and Van Jaarsveld, Cornelia HM and Potts, Henry WW and Wardle, Jane},
  journal={European journal of social psychology},
  volume={40},
  number={6},
  pages={998--1009},
  year={2010},
  publisher={Wiley Online Library},
}

@article{asch1951effects,
  title={Effects of group pressure upon the modification and distortion of judgments}, author={Asch, Solomon E},
  journal={Organizational influence processes},
  pages={295--303}
}

@article{guerrero2001desempleo,
  title={Desempleo, keynesianismo y teor{\'\i}a laboral del valor},
  author={Guerrero, Diego and Guerrero, Marina},
  journal={Pol{\'\i}tica y sociedad},
  volume={36},
  pages={223--238},
  year={2001}
}

