@article{lally2010habits,
  title={How are habits formed: Modelling habit formation in the real world},
  author={Lally, Phillippa and Van Jaarsveld, Cornelia HM and Potts, Henry WW and Wardle, Jane},
  journal={European journal of social psychology},
  volume={40},
  number={6},
  pages={998--1009},
  year={2010},
  publisher={Wiley Online Library},
}

